<?xml version="1.0" encoding="UTF-8"?><collection xmlns="http://www.loc.gov/MARC21/slim"><record><leader>00467nam--2200157-i-4500</leader><controlfield tag="001">000007774</controlfield><controlfield tag="002">20161230</controlfield><controlfield tag="005">20170305221128</controlfield><controlfield tag="008">060222s1000------------r-----000-0-eng-d</controlfield><datafield ind1=" " ind2=" " tag="100"><subfield code="a">Capon, B</subfield></datafield><datafield ind1=" " ind2=" " tag="245"><subfield code="a">Organic reaction mechanisms 1965. An annual survey covering the literature dated dec.1964 through nov.1965</subfield></datafield><datafield ind1=" " ind2=" " tag="260"><subfield code="a">London</subfield><subfield code="b">Interscience Publ</subfield><subfield code="c">1966</subfield></datafield><datafield ind1=" " ind2=" " tag="300"><subfield code="a">VIII + 352 p</subfield></datafield><datafield ind1=" " ind2=" " tag="700"><subfield code="a">Rees, C. W</subfield></datafield><datafield ind1=" " ind2=" " tag="852"><subfield code="a">547:541.124</subfield></datafield><datafield ind1=" " ind2=" " tag="CAT"><subfield code="a">SYS</subfield><subfield code="c">20170305</subfield><subfield code="h">221128</subfield></datafield></record></collection>